%   ****************************************
%   * File: SELFSTAB.BIB                     *
%   ****************************************
% 
@PHDTHESIS{pfoh-vmmonitor-2013,
	AUTHOR = {Jonas Pfoh},
	TITLE = {Leveraging Derivative Virtual Machine Introspection Methods for Security Applications},
           SCHOOL =       {Technische Universit\"{a}t  M\"{u}nchen},
	YEAR = {2013},
	TYPE =         {PhD thesis},
          ADDRESS =      {The Computer Science Department}
}
@BOOK{martin-agile:2003,
	AUTHOR = {Robert C.Martin},
	TITLE = {Agile Software Development: Principles, Patterns and Practices},
	YEAR = {2003},
	PUBLISHER = {Prentice Hall},
           isbn = {0135974445},
	ADDRESS = {Upper Saddle River, NJ, USA }
}

@BOOK{fowler-uml-distilled:1997,
	AUTHOR = {Martin Fowler},
	TITLE = {UML Distilled: applying the standard object modeling language},
	YEAR = {1997},
	PUBLISHER = {Addison Wesley Longman},
           isbn = {020165783X},
	address = {Secaucus, NJ, USA}
}

@inproceedings{sertic-rus-rac:uml-realtime:2003,
	AUTHOR = {H.Sertic and H. Rus and R.Rac},
	TITLE = {UML for real-time device driver development},
	YEAR = {2003},
	booktitle = {ConTEL 2003. Proceedings of the 7th International Conference on Telecommunications},
	VOLUME = {2},
	PAGES = {631-636}
}

@inproceedings{wei-si:tcp-ddos:2012,
	AUTHOR = {Zhuang Wei and Gui Xiaolin and Huang Ru Wei and Yu Si},
	TITLE = {TCP DDOS Attack Detection on the Host in the KVM VM Environment},
	YEAR = {2012},
	booktitle = {11th International Conference on Computer and Information Science (2012)},
	VOLUME = {3},
	PAGES = {62-67}
}

@Manual{vmware-site,
title = {The VMWare hypervisor},
author = {VMWare},    
note = {Available at \url{http://www.vmware.com}}
}


@Manual{kvm-site,
title = {The KVM hypervisor},
author = {The KVM group},    
note = {Available at \url{http://www.linux-kvm.org}}
}

@Manual{intel-systret,
title = {The Intel SYSRET privilege escalation},
author = {The Xen project community},    
note = {Available at \url{http://blog.xen.org/index.php/2012/06/13/the-intel-sysret-privilege-escalation/}}
}

@Manual{uml-spec,
title = {The UML specification},
author = {The OMG -Object Management Group},    
note = {Available at \url{http://www.uml.org/}}
}

@Manual{ddos-cpuid,
title = {Characterizing the VM-Hypervisor Attack Surface},
author = {Diego Perez-Botero and Ruby Lee},    
note = {Available at \url{www.cs.princeton.edu/~diegop/data/580_final_project.pdf}}
}

@Manual{defense-rootkit-attacks,
title = {Automated Defense from Rootkit Attacks},
author = {Arati Baliga and Liviu Iftode},    
note = {Available at \url{www.vmware.com/pdf/cambridge_rootkit.pdf}}
}

@article{key:article,
	author = {Pradip D. Patel and Miren Karamta and M. D. Bhavsar and M. B. Potdar},
	title = {Article: Live Virtual Machine Migration Techniques in Cloud Computing: A Survey},
	journal = {International Journal of Computer Applications},
	year = {2014},
	volume = {86},
	number = {16},
	pages = {18-21},
	month = {January},
	note = {Published by Foundation of Computer Science, New York, USA}
}

@Manual{VirtIO-Russell,
title = {VirtIO:Towards the De-Facto Standard for Virtual I/O devices},
author = {Rusty Russell},    
note = {Available at \url{ozlabs.org/~rusty/virtio-spec/virtio-paper.pdf}}
}

@inproceedings{Wailly:2012:VMS:2371536.2371564,
 author = {Wailly, Aurelien and Lacoste, Marc and Debar, Herve},
 title = {VESPA: Multi-layered Self-protection for Cloud Resources},
 booktitle = {Proceedings of the 9th International Conference on Autonomic Computing},
 series = {ICAC 12},
 year = {2012},
 isbn = {978-1-4503-1520-3},
 location = {San Jose, California, USA},
 pages = {155--160},
 numpages = {6},
 url = {http://doi.acm.org/10.1145/2371536.2371564},
 doi = {10.1145/2371536.2371564},
 acmid = {2371564},
 publisher = {ACM},
 address = {New York, NY, USA},
 keywords = {autonomic computing, cloud security, iaas, self-protection}
} 

@inproceedings{Srivastava:2008:TAB:1433006.1433011,
 author = {Srivastava, Abhinav and Giffin, Jonathon},
 title = {Tamper-Resistant, Application-Aware Blocking of Malicious Network Connections},
 booktitle = {Proceedings of the 11th International Symposium on Recent Advances in Intrusion Detection},
 series = {RAID 08},
 year = {2008},
 isbn = {978-3-540-87402-7},
 location = {Cambridge, MA, USA},
 pages = {39--58},
 numpages = {20},
 url = {http://dx.doi.org/10.1007/978-3-540-87403-4_3},
 doi = {10.1007/978-3-540-87403-4_3},
 acmid = {1433011},
 publisher = {Springer-Verlag},
 address = {Berlin, Heidelberg},
 keywords = {Firewall, attack prevention, virtual machine introspection}
} 


@inproceedings{Azab:2010:HES:1866307.1866313,
 author = {Azab, Ahmed M. and Ning, Peng and Wang, Zhi and Jiang, Xuxian and Zhang, Xiaolan and Skalsky, Nathan C.},
 title = {HyperSentry: Enabling Stealthy In-context Measurement of Hypervisor Integrity},
 booktitle = {Proceedings of the 17th ACM Conference on Computer and Communications Security},
 series = {CCS 10},
 year = {2010},
 isbn = {978-1-4503-0245-6},
 location = {Chicago, Illinois, USA},
 pages = {38--49},
 numpages = {12},
 url = {http://doi.acm.org/10.1145/1866307.1866313},
 doi = {10.1145/1866307.1866313},
 acmid = {1866313},
 publisher = {ACM},
 address = {New York, NY, USA},
 keywords = {hypervisor integrity, integrity measurement, virtualization}
}

@INPROCEEDINGS{Garfinkel03trapsand,
    author = {Tal Garfinkel},
    title = {Traps and Pitfalls: Practical Problems in System Call Interposition Based Security Tools},
    booktitle = {In Proc. Network and Distributed Systems Security Symposium},
    year = {2003},
    pages = {163--176}
}

@inproceedings{DBLP:conf:raid:Stewin13,
  author    = {Patrick Stewin},
  title     = {A Primitive for Revealing Stealthy Peripheral-Based Attacks on the Computing Platform's Main Memory},
  booktitle = {RAID},
  year      = {2013},
  pages     = {1-20},
  ee        = {http://dx.doi.org/10.1007/978-3-642-41284-4_1},
  bibsource = {DBLP, http://dblp.uni-trier.de}
}

@article{Dolev:2009:SPC:1552309.1552312,
 author = {Dolev, Shlomi and Haviv, Yinnon and Sagiv, Mooly},
 title = {Self-stabilization Preserving Compiler},
 journal = {ACM Trans. Program. Lang. Systems},
 issue_date = {August 2009},
 volume = {31},
 number = {6},
 month = aug,
 year = {2009},
 issn = {0164-0925},
 pages = {22:1--22:42},
 articleno = {22},
 numpages = {42},
 url = {http://doi.acm.org/10.1145/1552309.1552312},
 doi = {10.1145/1552309.1552312},
 acmid = {1552312},
 publisher = {ACM},
 address = {New York, NY, USA},
 keywords = {Compilers, abstract state machines, self-stabilization}
} 


@article{Dijkstra:1975:Guarded,
 author = {Dijkstra, Edsger},
 title = {Guarded Commands, Nondeterminacy and Formal Derivation of Programs},
 journal = {Commun. ACM},
 issue_date = {Aug. 1975},
 volume = {18},
 number = {8},
 month = aug,
 year = {1975},
 issn = {0001-0782},
 pages = {453--457},
 doi = {10.1145/360933.360975},
 acmid = {360975},
 publisher = {ACM},
 address = {New York, NY, USA}
} 

@ARTICLE{4553720, 
 author={Dolev, S. and Yagel, R.}, 
 journal={IEEE Transactions on Software Engineering}, 
 title={Towards Self-Stabilizing Operating Systems}, 
 year={2008}, 
 month={July}, 
 volume={34}, 
 number={4}, 
 pages={564-576}, 
 keywords={operating systems (computers);software fault tolerance;Intel Pentium processor;fault tolerance;self-stabilizing operating systems;Distributed objects;Fault tolerance}, 
 doi={10.1109/TSE.2008.46}, 
 ISSN={0098-5589}
}

@INPROCEEDINGS{Rushby84atrusted,
    author = {John Rushby},
    title = {A Trusted Computing Base for Embedded Systems},
    booktitle = {Proceedings of the 7th Department of Defense/NBS Computer Security Conference},
    year = {1984},
    pages = {294--311}
}

@Manual{trust-zone,
title = {Trust Zone},
author = {ARM},    
note = {Available at \url{http://www.arm.com/products/processors/technologies/trustzone/index.php}}
}

@article{McCune:2008:FEI:1357010.1352625,
 author = {McCune, Jonathan M. and Parno, Bryan J. and Perrig, Adrian and Reiter, Michael K. and Isozaki, Hiroshi},
 title = {Flicker: An Execution Infrastructure for Tcb Minimization},
 journal = {SIGOPS Oper. Syst. Rev.},
 issue_date = {May 2008},
 volume = {42},
 number = {4},
 month = apr,
 year = {2008},
 issn = {0163-5980},
 pages = {315--328},
 numpages = {14},
 url = {http://doi.acm.org/10.1145/1357010.1352625},
 doi = {10.1145/1357010.1352625},
 acmid = {1352625},
 publisher = {ACM},
 address = {New York, NY, USA},
 keywords = {late launch, secure execution, trusted computing}
} 

@techreport{GMU-CS-TR-Evasion-2011-8,
  author =      {Jiang Wang, Kun Sun, Angelos Stavrou},
  title =       {An Analysis of System Management Mode (SMM)-based Integrity Checking Systems and Evasion Attacks},
  institution = {Department of Computer Science, George Mason University},
  year =        {2011},
  number =      {GMU-CS-TR-2011-8},
  address =     {4400 University Drive MSN 4A5, Fairfax, VA 22030-4444 USA},
  howpublished ={Available at http://cs.gmu.edu}
}

@article{Pearce:2013:VIS:2431211.2431216,
 author = {Pearce, Michael and Zeadally, Sherali and Hunt, Ray},
 title = {Virtualization: Issues, Security Threats, and Solutions},
 journal = {ACM Comput. Surv.},
 issue_date = {February 2013},
 volume = {45},
 number = {2},
 month = mar,
 year = {2013},
 issn = {0360-0300},
 pages = {17:1--17:39},
 articleno = {17},
 numpages = {39},
 url = {http://doi.acm.org/10.1145/2431211.2431216},
 doi = {10.1145/2431211.2431216},
 acmid = {2431216},
 publisher = {ACM},
 address = {New York, NY, USA},
 keywords = {Encryption, threat, virtual machine, virtual machine monitor, virtualization}
} 

@Manual{hypervisor-security-future,
title = {What Does the Future Hold for Hypervisor Security},
author = {Marc Lacoste},    
note = {Available at \url{http://workshop13.tclouds-project.eu/abstracts/what_does_future.pdf}}
}

@Manual{coker-sandboxing,
title = {Xen Security Modules},
author = {George Coker},    
note = {Available at \url{http://mail.xen.org/files/summit_3/coker-xsm-summit-090706.pdf}}
}

@inproceedings{Shi:embedded-hypervisors:2012,
 author = {Shi, Weidong and Lee, JongHyuk and Suh, Taeweon and Woo, Dong Hyuk and Zhang, Xinwen},
 title = {Architectural Support of Multiple Hypervisors over Single Platform for Enhancing Cloud Computing Security},
 booktitle = {Proceedings of the 9th Conference on Computing Frontiers},
 series = {CF 12},
 year = {2012},
 isbn = {978-1-4503-1215-8},
 location = {Cagliari, Italy},
 pages = {75--84},
 numpages = {10},
 url = {http://doi.acm.org/10.1145/2212908.2212920},
 doi = {10.1145/2212908.2212920},
 acmid = {2212920},
 publisher = {ACM},
 address = {New York, NY, USA},
 keywords = {architecture, scalability, security, virtualization}
} 

@inproceedings{Colp:HV-modularization:2011,
 author = {Colp, Patrick and Nanavati, Mihir and Zhu, Jun and Aiello, William and Coker, George and Deegan, Tim and Loscocco, Peter and Warfield, Andrew},
 title = {Breaking Up is Hard to Do: Security and Functionality in a Commodity Hypervisor},
 booktitle = {Proceedings of the Twenty-Third ACM Symposium on Operating Systems Principles},
 series = {SOSP 11},
 year = {2011},
 isbn = {978-1-4503-0977-6},
 location = {Cascais, Portugal},
 pages = {189--202},
 numpages = {14},
 url = {http://doi.acm.org/10.1145/2043556.2043575},
 doi = {10.1145/2043556.2043575},
 acmid = {2043575},
 publisher = {ACM},
 address = {New York, NY, USA}
} 

@inproceedings{Ben-Yehuda:nested-HV:2010,
 author = {Ben-Yehuda, Muli and Day, Michael D. and Dubitzky, Zvi and Factor, Michael and Har'El, Nadav and Gordon, Abel and Liguori, Anthony and Wasserman, Orit and Yassour, Ben-Ami},
 title = {The Turtles Project: Design and Implementation of Nested Virtualization},
 booktitle = {Proceedings of the 9th USENIX Conference on Operating Systems Design and Implementation},
 series = {OSDI 10},
 year = {2010},
 location = {Vancouver, BC, Canada},
 pages = {1--6},
 numpages = {6},
 url = {http://dl.acm.org/citation.cfm?id=1924943.1924973},
 acmid = {1924973},
 publisher = {USENIX Association},
 address = {Berkeley, CA, USA}
} 

@inproceedings {liu-mao:distributed-HV:2013,
	author = {Changbin Liu and Yun Mao},
	title = {Inception: Towards a Nested Cloud Architecture},
	booktitle = {Presented as part of the 5th USENIX Workshop on Hot Topics in Cloud Computing},
	year = {2013},
	location = {San Jose, CA},
	url = {https://www.usenix.org/conference/hotcloud13/workshop-program/presentations/Liu},
	publisher = {USENIX},
	address = {Berkeley, CA}
}

@article{Szefer:virtual-hypervisors:2012,
 author = {Szefer, Jakub and Lee, Ruby B.},
 title = {Architectural Support for Hypervisor-secure Virtualization},
 journal = {SIGARCH Comput. Archit. News},
 issue_date = {March 2012},
 volume = {40},
 number = {1},
 month = mar,
 year = {2012},
 issn = {0163-5964},
 pages = {437--450},
 numpages = {14},
 url = {http://doi.acm.org/10.1145/2189750.2151022},
 doi = {10.1145/2189750.2151022},
 acmid = {2151022},
 publisher = {ACM},
 address = {New York, NY, USA},
 keywords = {attestation, cloud computing, computer architecture, confidentiality, hardware security, hypervisor, integrity, security, trust evidence, virtualization}
} 

@inproceedings{Wang:rootkits:2009,
 author = {Wang, Zhi and Jiang, Xuxian and Cui, Weidong and Ning, Peng},
 title = {Countering Kernel Rootkits with Lightweight Hook Protection},
 booktitle = {Proceedings of the 16th ACM Conference on Computer and Communications Security},
 series = {CCS '09},
 year = {2009},
 isbn = {978-1-60558-894-0},
 location = {Chicago, Illinois, USA},
 pages = {545--554},
 numpages = {10},
 url = {http://doi.acm.org/10.1145/1653662.1653728},
 doi = {10.1145/1653662.1653728},
 acmid = {1653728},
 publisher = {ACM},
 address = {New York, NY, USA},
 keywords = {malware protection, rootkits, virtual machines}
}

@book{bib297:Dolev:selfstab, 
author = {Dolev, S.}, 
title = {Self-Stabilization}, 
publisher = {MIT Press}, 
year = {2000}, 
month = {March}, 
lang = {English}
}

@article{bib459:SS2004, 
author = {Dolev, S.},
 title = {Self Stabilizion}, 
journal = {AIAA Journal of Aerospace Computing, Information, and Communication (JACIC)},
 pages = {253-255}, 
volume = {1}, 
year = {2004},
 month = {June}
 }  


@ARTICLE{phil99,
	AUTHOR = {T. P. Phillips},
	TITLE = {Possible Influence of the Magnetosphere on {American} History},
	YEAR = {1999},
	JOURNAL = {J. Oddball Res.},
	VOLUME = {98},
	PAGES = {1000-1003}
}
@ARTICLE{jame76,
	AUTHOR = {Kelly James and Harris, Jr., George and Wilby Wollops},
	TITLE = {{American} Independence and Magnetism},
	YEAR = {1776},
	JOURNAL = {Revol. Tracts},
	VOLUME = {32},
	PAGES = {34-55}
}

